@misc{data-refinement,
	author = {{Willem-Paul de Roever and Kai Engelhardt}},
    title = {Data Refinement: Model-Oriented Proof Methods and their Comparison},
    month = {March},
    year = {1998},
}

@Article{Klein2014Verification,
  author =       {Gerwin Klein
                  and June Andronick
                  and Kevin Elphinstone
                  and Toby Murray
                  and Thomas Sewell
                  and Rafal Kolanski
                  and Gernot Heiser},
  title =        {Comprehensive Formal Verification of an {OS}
                  Microkernel},
  journal =      j-ACM-ToCS,
  year =         2014,
  volume =       32,
  number =       1,
  pages =        {1--70},
  month =        feb
}



%     note = {URL: \url{http://www.fas.nus.edu.sg/ell/download/Undergraduate/Format_EL_AY2014-15.pdf}}
% }
